<record><leader>00000cas a22000007a 4500</leader><controlfield tag="001">11437342</controlfield><controlfield tag="008">841130d19561956inuwr n       0    0eng d</controlfield><datafield ind1=" " ind2=" " tag="010"><subfield code="a">sn 84045491 </subfield></datafield><datafield ind1=" " ind2=" " tag="040"><subfield code="a">NPI</subfield><subfield code="b">eng</subfield><subfield code="c">NPI</subfield><subfield code="d">IUL</subfield><subfield code="d">OCLCQ</subfield><subfield code="d">OCLCF</subfield><subfield code="d">OCLCO</subfield></datafield><datafield ind1=" " ind2=" " tag="042"><subfield code="a">msc</subfield></datafield><datafield ind1="0" ind2="4" tag="245"><subfield code="a">The Tuesday news.</subfield></datafield><datafield ind1=" " ind2=" " tag="260"><subfield code="a">Cannelton, Ind. :</subfield><subfield code="b">News Pub. Co.,</subfield><subfield code="c">1956.</subfield></datafield><datafield ind1=" " ind2=" " tag="300"><subfield code="a">v. :</subfield><subfield code="b">ill. ;</subfield><subfield code="c">56 cm.</subfield></datafield><datafield ind1=" " ind2=" " tag="310"><subfield code="a">Weekly</subfield></datafield><datafield ind1="0" ind2=" " tag="362"><subfield code="a">Feb. 28, 1956-Oct. 9, 1956.</subfield></datafield><datafield ind1=" " ind2="0" tag="651"><subfield code="a">Cannelton (Ind.)</subfield><subfield code="v">Newspapers.</subfield></datafield><datafield ind1=" " ind2="7" tag="655"><subfield code="a">Newspapers.</subfield><subfield code="2">fast</subfield><subfield code="0">(OCoLC)fst01423814</subfield></datafield><datafield ind1=" " ind2="7" tag="651"><subfield code="a">Indiana</subfield><subfield code="z">Cannelton.</subfield><subfield code="2">fast</subfield><subfield code="0">(OCoLC)fst01249926</subfield></datafield><datafield ind1=" " ind2=" " tag="752"><subfield code="a">United States</subfield><subfield code="b">Indiana</subfield><subfield code="c">Perry</subfield><subfield code="d">Cannelton.</subfield></datafield><datafield ind1="0" ind2="0" tag="780"><subfield code="t">Cannelton news (Cannelton, Ind. : 1945)</subfield><subfield code="w">(DLC)sn 84045468</subfield><subfield code="w">(OCoLC)11377710</subfield></datafield><datafield ind1="0" ind2="0" tag="785"><subfield code="t">Cannelton Tuesday news</subfield><subfield code="w">(DLC)sn 84045490</subfield><subfield code="w">(OCoLC)11437286</subfield></datafield></record>